% Encoding: UTF-8

@Book{Legendre2012,
  title     = {Numerical Ecology},
  publisher = {Elsevier},
  year      = {2012},
  author    = {Legendre, Pierre},
  series    = {Developments in Environmental Modelling, 24},
  address   = {Amsterdam},
  edition   = {3},
 }

@Article{Yu2015,
  author        = {Yu, Yang and Stomph, Tjeerd-Jan and Makowski, David and van Der Werf, Wopke},
  title         = {Temporal niche differentiation increases the land equivalent ratio of annual intercrops: A meta-analysis},
  journal       = {Field Crops Research},
  year          = {2015},
  volume        = {184},
  pages         = {133--144},
  month         = {December},
  issn          = {0378-4290},
  publisher     = {Elsevier},
}

@Article{Schnabel1938,
  author    = {Zoe Emily Schnabel},
  title     = {The estimation of total fish population of a lake},
  journal   = {The American Mathematical Monthly},
  year      = {1938},
  volume    = {45},
  number    = {6},
  pages     = {348--352},
  publisher = {Mathematical Association of America},
}

@Comment{jabref-meta: databaseType:bibtex;}
